<record><leader>00000cas a22000007a 4500</leader><controlfield tag="001">9314751</controlfield><controlfield tag="008">830316d18261828mauwr ne      0    0eng d</controlfield><controlfield tag="009">3768</controlfield><datafield ind1=" " ind2=" " tag="010"><subfield code="a">sn 83020277 </subfield></datafield><datafield ind1=" " ind2=" " tag="040"><subfield code="a">NPX</subfield><subfield code="b">eng</subfield><subfield code="c">NPX</subfield><subfield code="d">NPU</subfield><subfield code="d">NPA</subfield><subfield code="d">DLC</subfield><subfield code="d">MGN</subfield></datafield><datafield ind1="1" ind2=" " tag="029"><subfield code="a">AU@</subfield><subfield code="b">000025789720</subfield></datafield><datafield ind1=" " ind2=" " tag="042"><subfield code="a">msc</subfield></datafield><datafield ind1=" " ind2=" " tag="043"><subfield code="a">n-us-ma</subfield></datafield><datafield ind1="0" ind2="0" tag="050"><subfield code="a">Newspaper 8315</subfield></datafield><datafield ind1="0" ind2=" " tag="130"><subfield code="a">Lynn mirror (Lynn, Mass. : 1826)</subfield></datafield><datafield ind1="0" ind2="0" tag="245"><subfield code="a">Lynn mirror.</subfield></datafield><datafield ind1="0" ind2="0" tag="246"><subfield code="a">Lynn mirror and mechanicks' museum</subfield></datafield><datafield ind1=" " ind2=" " tag="260"><subfield code="a">Lynn, Mass. :</subfield><subfield code="b">Charles F. Lummus,</subfield></datafield><datafield ind1=" " ind2=" " tag="300"><subfield code="a">v.</subfield></datafield><datafield ind1=" " ind2=" " tag="310"><subfield code="a">Weekly</subfield></datafield><datafield ind1="0" ind2=" " tag="362"><subfield code="a">Vol. 1, no. 19 (Jan. 7, 1826)-v. 3, no. 52 (Dec. 27, 1828).</subfield></datafield><datafield ind1=" " ind2=" " tag="500"><subfield code="a">Published as: Lynn mirror and mechanicks' museum, Mar. 3-Dec. 29, 1827.</subfield></datafield><datafield ind1=" " ind2=" " tag="752"><subfield code="a">United States</subfield><subfield code="b">Massachusetts</subfield><subfield code="c">Essex</subfield><subfield code="d">Lynn.</subfield></datafield><datafield ind1="0" ind2="0" tag="780"><subfield code="t">Lynn weekly mirror</subfield><subfield code="w">(DLC)sn 86071699</subfield></datafield><datafield ind1="0" ind2="0" tag="785"><subfield code="t">Lynn mirror, and mechanic's magazine</subfield><subfield code="w">(DLC)sn 89062264</subfield></datafield></record>